@article{Afzal11,
       author = "MH. Afzal and V. Renaudin and G. Lachapelle",
       title = "Multi-Magnetometer Based Perturbation Mitigation for Indoor Orientation Estimation",
       year = "2011",
       journal = "NAVIGATION",
       volume = "58",
       number = "4",
       pages = "279 - 292" }

@patent{usDOP,
        author = "F. Alizahed-Shabdiz and M. Heidari",
        title = "Method of determining position in a hybrid positioning system using a dilution of precision metric",
        nationality = "United States",
        number = "2011/0080317",
        year = "2009",
        note = "19 pages"}

@Phdthesis{AfzalPHD,
        author = "MH. Afzal",
        title = "Use of {Earth's} Magnetic Field for Pedestrian Navigation",
        school = "the University of Calgary, Canada",
        year = "2011"}

@article{Allan,
       author = "DW Allan",
       title = "Statistics of Atomic Frequency Standards",
       year = "1966",
       journal = "Proc. of the IEEE",
       volume = "54",
       number = "2",
       pages = "221-230" }
